@article{boehmsoftware1988,
  title={Understanding and controlling software costs},
  author={Boehm, Barry W},
  journal={Journal of Parametrics},
  volume={8},
  number={1},
  pages={32--68},
  year={1988},
  publisher={Taylor \& Francis}
}
@inproceedings{bhasinqa2012,
  title={Quality assurance in agile: a study towards achieving excellence},
  author={Bhasin, Sonali},
  booktitle={2012 Agile India},
  pages={64--67},
  year={2012},
  organization={IEEE}
}
@inproceedings{malhotra, 
  author={R. Malhotra and A. Chug}, 
  booktitle={2016 3rd International Conference on Computing for Sustainable Global Development (INDIACom)}, 
  title={Comparative analysis of agile methods and iterative enhancement model in assessment of software maintenance}, 
  year={2016}, 
  pages={1271-1276},
  organisation={IEEE}
}
@inproceedings{huo2004software,
  title={Software quality and agile methods},
  author={Huo, Ming and Verner, June and Zhu, Liming and Babar, Muhammad Ali},
  booktitle={Computer Software and Applications Conference, 2004. COMPSAC 2004. Proceedings of the 28th Annual International},
  pages={520--525},
  year={2004},
  organization={IEEE}
}
@article{harter2000effects,
  title={Effects of process maturity on quality, cycle time, and effort in software product development},
  author={Harter, Donald E and Krishnan, Mayuram S and Slaughter, Sandra A},
  journal={Management Science},
  volume={46},
  number={4},
  pages={451--466},
  year={2000},
  publisher={INFORMS}
}
@article{fowler2001agile,
  title={The agile manifesto},
  author={Fowler, Martin and Highsmith, Jim},
  journal={Software Development},
  volume={9},
  number={8},
  pages={28--35},
  year={2001},
  publisher={[San Francisco, CA: Miller Freeman, Inc., 1993-}
}
